@inproceedings{li2014acrec,
  title={ACRec: a co-authorship based random walk model for academic collaboration recommendation},
  author={Li, Jing and Xia, Feng and Wang, Wei and Chen, Zhen and Asabere, Nana Yaw and Jiang, Huizhen},
  booktitle={Proc. 23rd WWW},
  pages={1209--1214},
  year={2014}
}
@inproceedings{brandao2013using,
  title={Using link semantics to recommend collaborations in academic social networks},
  author={Brand{\~a}o, Michele A and Moro, Mirella M and Lopes, Giseli Rabello and Oliveira, Jos{\'e} PM},
  booktitle={Proc. 22nd WWW},
  pages={833--840},
  year={2013}
}
